<record xmlns="http://www.loc.gov/MARC21/slim" xmlns:xsi="http://www.w3.org/2001/XMLSchema-instance" xsi:schemaLocation="http://www.loc.gov/MARC21/slim http://www.loc.gov/standards/marcxml/schema/MARC21slim.xsd"><leader>01676nam a2200349   4500</leader><controlfield tag="001">001679741</controlfield><controlfield tag="003">NNU</controlfield><controlfield tag="006">m        d        </controlfield><controlfield tag="007">cr cn |||m|||a</controlfield><controlfield tag="008">150116s1955    le      o     000 0 arar</controlfield><datafield ind1=" " ind2=" " tag="040"><subfield code="a">NNU</subfield><subfield code="b">eng</subfield><subfield code="c">NNU</subfield></datafield><datafield ind1="0" ind2="0" tag="050"><subfield code="a">PJ6151</subfield><subfield code="b">.F8</subfield></datafield><datafield ind1="1" ind2=" " tag="100"><subfield code="6">880-01</subfield><subfield code="a">Furayh&#803;ah, Ani&#772;s,</subfield><subfield code="d">1903-</subfield></datafield><datafield ind1="1" ind2="0" tag="245"><subfield code="6">880-02</subfield><subfield code="a">Nah&#803;wa &#699;Arabi&#772;yah muyassarah</subfield><subfield code="h">[electronic resource] /</subfield><subfield code="c">[ta&#700;li&#772;f] Ani&#772;s Furayh&#803;ah.</subfield></datafield><datafield ind1=" " ind2=" " tag="260"><subfield code="6">880-03</subfield><subfield code="a">Bayru&#772;t,</subfield><subfield code="b">Da&#772;r al-Thaqa&#772;fah</subfield><subfield code="c">[1955]</subfield></datafield><datafield ind1=" " ind2=" " tag="300"><subfield code="a">online resource (224 p.)</subfield></datafield><datafield ind1=" " ind2=" " tag="500"><subfield code="a">Part of the Arabic Collections Online (ACO) project, contributed by New York Univeristy Libraries.</subfield></datafield><datafield ind1=" " ind2=" " tag="533"><subfield code="a">Electronic reproduction.</subfield><subfield code="b">New York, N.Y. :</subfield><subfield code="c">New York University,</subfield><subfield code="d">2015.</subfield><subfield code="5">NNU</subfield></datafield><datafield ind1=" " ind2="0" tag="650"><subfield code="a">Arabic language</subfield><subfield code="x">Syntax.</subfield></datafield><datafield ind1=" " ind2="0" tag="650"><subfield code="a">Arabic language</subfield><subfield code="x">Dialects.</subfield></datafield><datafield ind1=" " ind2="7" tag="650"><subfield code="a">Arabic language</subfield><subfield code="x">Dialects.</subfield><subfield code="2">fast</subfield><subfield code="0">(OCoLC)fst00812310</subfield></datafield><datafield ind1=" " ind2="7" tag="650"><subfield code="a">Arabic language</subfield><subfield code="x">Syntax.</subfield><subfield code="2">fast</subfield><subfield code="0">(OCoLC)fst00812441</subfield></datafield><datafield ind1="2" ind2=" " tag="710"><subfield code="a">New York University.</subfield><subfield code="b">Libraries.</subfield></datafield><datafield ind1="0" ind2=" " tag="730"><subfield code="a">Arabic Collections Online.</subfield></datafield><datafield ind1="0" ind2="8" tag="776"><subfield code="i">Online version:</subfield><subfield code="a">Furayh&#803;ah, Ani&#772;s, 1903-</subfield><subfield code="t">Nah&#803;wa &#699;Arabi&#772;yah muyassarah.</subfield><subfield code="d">Bayru&#772;t, Da&#772;r al-Thaqa&#772;fah [ta&#772;ri&#772;kh al-muqaddimah: 1955]</subfield><subfield code="w">(OCoLC)576299690</subfield></datafield><datafield ind1="0" ind2="8" tag="776"><subfield code="i">Print version:</subfield><subfield code="a">Furayh&#803;ah, Ani&#772;s, 1903-</subfield><subfield code="t">Nah&#803;wa &#699;Arabi&#772;yah muyassarah</subfield><subfield code="w">(NNU)001679741</subfield><subfield code="w">(DLC)ne 64002414</subfield></datafield><datafield ind1="4" ind2="0" tag="856"><subfield code="u">http://hdl.handle.net/2333.1/ht76hgk9</subfield></datafield><datafield ind1="1" ind2=" " tag="880"><subfield code="6">100-01/</subfield><subfield code="a">&#1601;&#1585;&#1610;&#1581;&#1577;&#1548; &#1575;&#1606;&#1587;&#1548;</subfield><subfield code="d">1903-</subfield></datafield><datafield ind1="1" ind2="0" tag="880"><subfield code="6">245-02/</subfield><subfield code="a">&#1606;&#1581;&#1608; &#1593;&#1585;&#1576;&#1610;&#1577; &#1605;&#1610;&#1587;&#1585;&#1577; /</subfield><subfield code="c">&#1578;&#1575;&#1604;&#1610;&#1601; &#1575;&#1606;&#1587; &#1601;&#1585;&#1610;&#1581;&#1577;.</subfield></datafield><datafield ind1=" " ind2=" " tag="880"><subfield code="6">260-03/</subfield><subfield code="a">&#1576;&#1610;&#1585;&#1608;&#1578;&#1548;</subfield><subfield code="b">&#1583;&#1575;&#1585; &#1575;&#1604;&#1579;&#1602;&#1575;&#1601;&#1577;&#1548;</subfield><subfield code="c">[1955]</subfield></datafield><datafield ind1=" " ind2=" " tag="959"><subfield code="a">NNU</subfield><subfield code="b">WEB</subfield><subfield code="c">GENI</subfield><subfield code="t">0</subfield><subfield code="m">Electronic access</subfield><subfield code="s">01</subfield></datafield><datafield ind1=" " ind2=" " tag="999"><subfield code="i">NNU_001679741</subfield><subfield code="o" /></datafield></record>